@article{ferguson1973,
  author = "Ferguson, Thomas S.",
  doi = "10.1214/aos/1176342360",
  fjournal = "The Annals of Statistics",
  journal = "Ann. Statist.",
  month = "03",
  number = "2",
  pages = "209--230",
  publisher = "The Institute of Mathematical Statistics",
  title = "A Bayesian Analysis of Some Nonparametric Problems",
  url = "https://doi.org/10.1214/aos/1176342360",
  volume = "1",
  year = "1973"
}
@article{blackwell1973,
  author = "Blackwell, David and MacQueen, James B.",
  doi = "10.1214/aos/1176342372",
  fjournal = "The Annals of Statistics",
  journal = "Ann. Statist.",
  month = "03",
  number = "2",
  pages = "353--355",
  publisher = "The Institute of Mathematical Statistics",
  title = "Ferguson Distributions Via Polya Urn Schemes",
  url = "https://doi.org/10.1214/aos/1176342372",
  volume = "1",
  year = "1973"
}

